% Encoding: UTF-8

@Article{Hadjesfandiari2011,
  author    = {Hadjesfandiari, Ali R. and Dargush, Gary F.},
  journal   = {International Journal of Solids and Structures},
  title     = {Couple stress theory for solids},
  year      = {2011},
  month     = {sep},
  number    = {18},
  pages     = {2496--2510},
  volume    = {48},
  doi       = {10.1016/j.ijsolstr.2011.05.002},
  publisher = {Elsevier {BV}},
}

@Article{Dargush2021,
  author    = {Dargush, Gary F. and Apostolakis, Georgios and Hadjesfandiari, Ali R.},
  journal   = {European Journal of Mechanics - A/Solids},
  title     = {Two- and three-dimensional size-dependent couple stress response using a displacement-based variational method},
  year      = {2021},
  month     = {jul},
  pages     = {104268},
  volume    = {88},
  doi       = {10.1016/j.euromechsol.2021.104268},
  publisher = {Elsevier {BV}},
}

@Article{Deng2016,
  author    = {Deng, Guoqiang and Dargush, Gary F.},
  journal   = {Acta Mechanica},
  title     = {Mixed Lagrangian formulation for size-dependent couple stress elastodynamic response},
  year      = {2016},
  month     = {jul},
  number    = {12},
  pages     = {3451--3473},
  volume    = {227},
  doi       = {10.1007/s00707-016-1644-z},
  publisher = {Springer Science and Business Media {LLC}},
}

@Article{Pedgaonkar2021,
  author    = {Pedgaonkar, Akhilesh and Darrall, Bradley T. and Dargush, Gary F.},
  journal   = {European Journal of Mechanics - A/Solids},
  title     = {Mixed displacement and couple stress finite element method for anisotropic centrosymmetric materials},
  year      = {2021},
  month     = {jan},
  pages     = {104074},
  volume    = {85},
  doi       = {10.1016/j.euromechsol.2020.104074},
  publisher = {Elsevier {BV}},
}

@Article{Darrall2013,
  author    = {Darrall, Bradley T. and Dargush, Gary F. and Hadjesfandiari, Ali R.},
  journal   = {Acta Mechanica},
  title     = {Finite element Lagrange multiplier formulation for size-dependent skew-symmetric couple-stress planar elasticity},
  year      = {2013},
  month     = {aug},
  number    = {1},
  pages     = {195--212},
  volume    = {225},
  doi       = {10.1007/s00707-013-0944-9},
  publisher = {Springer Science and Business Media {LLC}},
}

@Article{Chang2019,
  author    = {Chang, T. L. and Lee, C.-L. and Carr, A. J. and Dhakal, R. P. and Pampanin, S.},
  journal   = {International Journal for Numerical Methods in Engineering},
  title     = {A new drilling quadrilateral membrane element with high coarse-mesh accuracy using a modified Hu-Washizu principle},
  year      = {2019},
  month     = {apr},
  number    = {7},
  pages     = {639--660},
  volume    = {119},
  doi       = {10.1002/nme.6066},
  publisher = {Wiley},
}

@Misc{Hadjesfandiari2016,
  author      = {Hadjesfandiari, Ali R. and Dargush, Gary F.},
  title       = {Couple stress theories: Theoretical underpinnings and practical aspects from a new energy perspective},
  year        = {2016},
  date        = {2016-11-26},
  eprint      = {1611.10249v1},
  eprintclass = {physics.gen-ph},
  eprinttype  = {arXiv},
  file        = {:http\://arxiv.org/pdf/1611.10249v1:PDF},
  keywords    = {physics.gen-ph},
}

@Misc{Chang2021,
  author    = {Chang, T. L.},
  title     = {suanPan --- An Open Source, Parallel and Heterogeneous Finite Element Analysis Framework},
  year      = {2021},
  copyright = {Creative Commons Attribution 4.0 International},
  doi       = {10.5281/ZENODO.1285221},
  keywords  = {FEM, HPC, IGA},
  language  = {en},
  publisher = {Zenodo},
}

@Article{Boutagouga2020,
  author    = {Boutagouga, Djamel},
  journal   = {Archives of Computational Methods in Engineering},
  title     = {A Review on Membrane Finite Elements with Drilling Degree of Freedom},
  year      = {2020},
  month     = {sep},
  doi       = {10.1007/s11831-020-09489-z},
  publisher = {Springer Science and Business Media {LLC}},
}

@Article{Yang2002,
  author    = {Yang, F. and Chong, A. C. M. and Lam, D. C. C. and Tong, P.},
  journal   = {International Journal of Solids and Structures},
  title     = {Couple stress based strain gradient theory for elasticity},
  year      = {2002},
  month     = {may},
  number    = {10},
  pages     = {2731--2743},
  volume    = {39},
  doi       = {10.1016/s0020-7683(02)00152-x},
  publisher = {Elsevier {BV}},
}

@Book{Zienkiewicz2013,
  author    = {Zienkiewicz, O. C. and Taylor, R. L. and Zhu, J. Z.},
  publisher = {Elsevier},
  title     = {The Finite Element Method: its Basis and Fundamentals},
  year      = {2013},
  doi       = {10.1016/c2009-0-24909-9},
}

@Article{Chang2020,
  author    = {Chang, T. L. and Lee, C.-L. and Carr, A. J. and Dhakal, R. P.},
  journal   = {Engineering Structures},
  title     = {Numerical evaluations of a novel membrane element in response history analysis of reinforced concrete shear walls},
  year      = {2020},
  month     = {oct},
  pages     = {110760},
  volume    = {220},
  doi       = {10.1016/j.engstruct.2020.110760},
  publisher = {Elsevier {BV}},
}

@Book{Timoshenko2010,
  author    = {Timoshenko, Stephen},
  publisher = {McGraw-Hill Education},
  title     = {Theory of elasticity},
  year      = {2010},
  address   = {New Delhi, India},
  edition   = {3rd},
  isbn      = {0070701229},
}

@Article{Bazant1984,
  author    = {Ba{\v{z}}ant, Zden{\v{e}}k P.},
  journal   = {Journal of Engineering Mechanics},
  title     = {Size Effect in Blunt Fracture: Concrete, Rock, Metal},
  year      = {1984},
  month     = {apr},
  number    = {4},
  pages     = {518--535},
  volume    = {110},
  doi       = {10.1061/(asce)0733-9399(1984)110:4(518)},
  publisher = {American Society of Civil Engineers ({ASCE})},
}

@Article{Shaat2020,
  author    = {Shaat, Mohamed and Ghavanloo, Esmaeal and Fazelzadeh, S. Ahmad},
  journal   = {Mechanics of Materials},
  title     = {Review on nonlocal continuum mechanics: Physics, material applicability, and mathematics},
  year      = {2020},
  month     = {nov},
  pages     = {103587},
  volume    = {150},
  doi       = {10.1016/j.mechmat.2020.103587},
  publisher = {Elsevier {BV}},
}

@Article{Neff2016,
  author    = {Neff, Patrizio and Münch, Ingo and Ghiba, Ionel-Dumitrel and Madeo, Angela},
  journal   = {International Journal of Solids and Structures},
  title     = {On some fundamental misunderstandings in the indeterminate couple stress model. A comment on recent papers of {A.R. Hadjesfandiari and G.F. Dargush}},
  year      = {2016},
  month     = {mar},
  pages     = {233--243},
  volume    = {81},
  doi       = {10.1016/j.ijsolstr.2015.11.028},
  publisher = {Elsevier {BV}},
}

@Article{Allman1984,
  author    = {Allman, D. J.},
  journal   = {Computers {\&} Structures},
  title     = {A compatible triangular element including vertex rotations for plane elasticity analysis},
  year      = {1984},
  month     = {jan},
  number    = {1-2},
  pages     = {1--8},
  volume    = {19},
  doi       = {10.1016/0045-7949(84)90197-4},
  publisher = {Elsevier {BV}},
}

@Article{Khorshidi2018,
  author    = {Khorshidi, Majid Akbarzadeh},
  journal   = {International Journal of Engineering Science},
  title     = {The material length scale parameter used in couple stress theories is not a material constant},
  year      = {2018},
  month     = {dec},
  pages     = {15--25},
  volume    = {133},
  doi       = {10.1016/j.ijengsci.2018.08.005},
  publisher = {Elsevier {BV}},
}

@Article{Bourdin2008,
  author    = {Bourdin, Blaise and Francfort, Gilles A. and Marigo, Jean-Jacques},
  journal   = {Journal of Elasticity},
  title     = {The Variational Approach to Fracture},
  year      = {2008},
  month     = {mar},
  number    = {1-3},
  pages     = {5--148},
  volume    = {91},
  doi       = {10.1007/s10659-007-9107-3},
  publisher = {Springer Science and Business Media {LLC}},
}

@Article{Alisafaei2016,
  author    = {Alisafaei, Farid and Han, Chung-Souk and Garg, Nitin},
  journal   = {International Journal of Plasticity},
  title     = {On couple-stress elasto-plastic constitutive frameworks for glassy polymers},
  year      = {2016},
  month     = {feb},
  pages     = {30--53},
  volume    = {77},
  doi       = {10.1016/j.ijplas.2015.09.011},
  publisher = {Elsevier {BV}},
}

@Book{Maugin2010,
  editor    = {Maugin, Gérard A. and Metrikine, Andrei V.},
  publisher = {Springer-Verlag GmbH},
  title     = {Mechanics of Generalized Continua},
  year      = {2010},
  isbn      = {1441956956},
  month     = mar,
  ean       = {9781441956958},
}

@Book{Altenbach2011,
  editor    = {Altenbach, Holm and Maugin, Gérard A. and Erofeev, Vladimir},
  publisher = {Springer-Verlag GmbH},
  title     = {Mechanics of Generalized Continua},
  year      = {2011},
  isbn      = {364219219X},
  month     = apr,
  ean       = {9783642192197},
  pagetotal = {350},
}

@Article{Srinivasa2017,
  author    = {Srinivasa, Arun R. and Reddy, J. N.},
  journal   = {Applied Mechanics Reviews},
  title     = {An Overview of Theories of Continuum Mechanics With Nonlocal Elastic Response and a General Framework for Conservative and Dissipative Systems},
  year      = {2017},
  month     = {may},
  number    = {3},
  volume    = {69},
  doi       = {10.1115/1.4036723},
  publisher = {{ASME} International},
}

@Book{Eringen2004,
  author    = {Eringen, A. Cemal},
  publisher = {Springer New York},
  title     = {Nonlocal Continuum Field Theories},
  year      = {2004},
  doi       = {10.1007/b97697},
}

@Article{Thai2017,
  author    = {Thai, Huu-Tai and Vo, Thuc P. and Nguyen, Trung-Kien and Kim, Seung-Eock},
  journal   = {Composite Structures},
  title     = {A review of continuum mechanics models for size-dependent analysis of beams and plates},
  year      = {2017},
  month     = {oct},
  pages     = {196--219},
  volume    = {177},
  doi       = {10.1016/j.compstruct.2017.06.040},
  publisher = {Elsevier {BV}},
}

@Article{Kim2019,
  author    = {Kim, Jinseok and {\.{Z}}ur, Krzysztof Kamil and Reddy, J. N.},
  journal   = {Composite Structures},
  title     = {Bending, free vibration, and buckling of modified couples stress-based functionally graded porous micro-plates},
  year      = {2019},
  month     = {feb},
  pages     = {879--888},
  volume    = {209},
  doi       = {10.1016/j.compstruct.2018.11.023},
  publisher = {Elsevier {BV}},
}

@Article{Fan2020,
  author    = {Fan, Fan and Xu, Yuanbo and Sahmani, Saeid and Safaei, Babak},
  journal   = {Computer Methods in Applied Mechanics and Engineering},
  title     = {Modified couple stress-based geometrically nonlinear oscillations of porous functionally graded microplates using {NURBS}-based isogeometric approach},
  year      = {2020},
  month     = {dec},
  pages     = {113400},
  volume    = {372},
  doi       = {10.1016/j.cma.2020.113400},
  publisher = {Elsevier {BV}},
}

@Article{Thanh2019,
  author    = {Thanh, Cuong-Le and Tran, Loc V. and Vu-Huu, T. and Abdel-Wahab, M.},
  journal   = {Computer Methods in Applied Mechanics and Engineering},
  title     = {The size-dependent thermal bending and buckling analyses of composite laminate microplate based on new modified couple stress theory and isogeometric analysis},
  year      = {2019},
  month     = {jun},
  pages     = {337--361},
  volume    = {350},
  doi       = {10.1016/j.cma.2019.02.028},
  publisher = {Elsevier {BV}},
}

@Article{Farokhi2018,
  author    = {Farokhi, Hamed and Ghayesh, Mergen H.},
  journal   = {International Journal of Engineering Science},
  title     = {Nonlinear mechanics of electrically actuated microplates},
  year      = {2018},
  month     = {feb},
  pages     = {197--213},
  volume    = {123},
  doi       = {10.1016/j.ijengsci.2017.08.017},
  publisher = {Elsevier {BV}},
}

@Article{Yuan2020,
  author    = {Yuan, Yuan and Zhao, Ke and Han, Yuxuan and Sahmani, Saeid and Safaei, Babak},
  journal   = {Thin-Walled Structures},
  title     = {Nonlinear oscillations of composite conical microshells with in-plane heterogeneity based upon a couple stress-based shell model},
  year      = {2020},
  month     = {sep},
  pages     = {106857},
  volume    = {154},
  doi       = {10.1016/j.tws.2020.106857},
  publisher = {Elsevier {BV}},
}

@Article{Thanh2019a,
  author    = {Thanh, Cuong-Le and Ferreira, A. J. M. and Wahab, Magd Abdel},
  journal   = {Thin-Walled Structures},
  title     = {A refined size-dependent couple stress theory for laminated composite micro-plates using isogeometric analysis},
  year      = {2019},
  month     = {dec},
  pages     = {106427},
  volume    = {145},
  doi       = {10.1016/j.tws.2019.106427},
  publisher = {Elsevier {BV}},
}

@Article{Khakalo2018,
  author    = {Khakalo, Sergei and Balobanov, Viacheslav and Niiranen, Jarkko},
  journal   = {International Journal of Engineering Science},
  title     = {Modelling size-dependent bending, buckling and vibrations of 2D triangular lattices by strain gradient elasticity models: Applications to sandwich beams and auxetics},
  year      = {2018},
  month     = {jun},
  pages     = {33--52},
  volume    = {127},
  doi       = {10.1016/j.ijengsci.2018.02.004},
  publisher = {Elsevier {BV}},
}

@Article{Mindlin1968,
  author    = {Mindlin, R. D. and Eshel, N. N.},
  journal   = {International Journal of Solids and Structures},
  title     = {On first strain-gradient theories in linear elasticity},
  year      = {1968},
  month     = {jan},
  number    = {1},
  pages     = {109--124},
  volume    = {4},
  doi       = {10.1016/0020-7683(68)90036-x},
  publisher = {Elsevier {BV}},
}

@Article{Faghidian2018,
  author    = {Faghidian, S. Ali},
  journal   = {International Journal of Engineering Science},
  title     = {Integro-differential nonlocal theory of elasticity},
  year      = {2018},
  month     = {aug},
  pages     = {96--110},
  volume    = {129},
  doi       = {10.1016/j.ijengsci.2018.04.007},
  publisher = {Elsevier {BV}},
}

@Article{Shaat2017,
  author    = {M. Shaat},
  journal   = {International Journal of Mechanical Sciences},
  title     = {A general nonlocal theory and its approximations for slowly varying acoustic waves},
  year      = {2017},
  month     = {sep},
  pages     = {52--63},
  volume    = {130},
  doi       = {10.1016/j.ijmecsci.2017.05.038},
  publisher = {Elsevier {BV}},
}

@Article{Aifantis2011,
  author    = {Aifantis, Elias C.},
  journal   = {International Journal of Engineering Science},
  title     = {On the gradient approach {\textendash} Relation to Eringen's nonlocal theory},
  year      = {2011},
  month     = {dec},
  number    = {12},
  pages     = {1367--1377},
  volume    = {49},
  doi       = {10.1016/j.ijengsci.2011.03.016},
  publisher = {Elsevier {BV}},
}

@Article{Salehipour2015,
  author    = {Salehipour, H. and Shahidi, A. R. and Nahvi, H.},
  journal   = {International Journal of Engineering Science},
  title     = {Modified nonlocal elasticity theory for functionally graded materials},
  year      = {2015},
  month     = {may},
  pages     = {44--57},
  volume    = {90},
  doi       = {10.1016/j.ijengsci.2015.01.005},
  publisher = {Elsevier {BV}},
}

@Article{Apuzzo2018,
  author    = {Apuzzo, A. and Barretta, R. and Faghidian, S. A. and Luciano, R. and de Sciarra, F. Marotti},
  journal   = {International Journal of Engineering Science},
  title     = {Free vibrations of elastic beams by modified nonlocal strain gradient theory},
  year      = {2018},
  month     = {dec},
  pages     = {99--108},
  volume    = {133},
  doi       = {10.1016/j.ijengsci.2018.09.002},
  publisher = {Elsevier {BV}},
}

@Article{Lim2015,
  author    = {Lim, C. W. and Zhang, G. and Reddy, J. N.},
  journal   = {Journal of the Mechanics and Physics of Solids},
  title     = {A higher-order nonlocal elasticity and strain gradient theory and its applications in wave propagation},
  year      = {2015},
  month     = {may},
  pages     = {298--313},
  volume    = {78},
  doi       = {10.1016/j.jmps.2015.02.001},
  publisher = {Elsevier {BV}},
}

@Article{Lu2017,
  author    = {Lu, Lu and Guo, Xingming and Zhao, Jianzhong},
  journal   = {International Journal of Engineering Science},
  title     = {Size-dependent vibration analysis of nanobeams based on the nonlocal strain gradient theory},
  year      = {2017},
  month     = {jul},
  pages     = {12--24},
  volume    = {116},
  doi       = {10.1016/j.ijengsci.2017.03.006},
  publisher = {Elsevier {BV}},
}

@Comment{jabref-meta: databaseType:bibtex;}
